@article{Penner2001,
  doi = {10.1119/1.1344164},
  url = {https://doi.org/10.1119/1.1344164},
  year = {2001},
  month = may,
  publisher = {American Association of Physics Teachers ({AAPT})},
  volume = {69},
  number = {5},
  pages = {563--568},
  author = {A. Raymond Penner},
  title = {The physics of golf: The optimum loft of a driver},
  journal = {American Journal of Physics}
}
@article{BerberanSantos1997,
  doi = {10.1119/1.18555},
  url = {https://doi.org/10.1119/1.18555},
  year = {1997},
  month = may,
  publisher = {American Association of Physics Teachers ({AAPT})},
  volume = {65},
  number = {5},
  pages = {404--412},
  author = {M{\'{a}}rio N. Berberan-Santos and Evgeny N. Bodunov and Lionello Pogliani},
  title = {On the barometric formula},
  journal = {American Journal of Physics}
}
@incollection{Legg2017,
  doi = {10.1016/b978-0-08-101123-2.00001-7},
  url = {https://doi.org/10.1016/b978-0-08-101123-2.00001-7},
  year = {2017},
  publisher = {Elsevier},
  pages = {1--28},
  author = {Roger Legg},
  title = {Properties of Humid Air},
  booktitle = {Air Conditioning System Design}
}
@incollection{Roizard2014,
  doi = {10.1007/978-3-642-40872-4_26-1},
  url = {https://doi.org/10.1007/978-3-642-40872-4_26-1},
  year = {2014},
  publisher = {Springer Berlin Heidelberg},
  pages = {1--3},
  author = {Denis Roizard},
  title = {Antoine Equation},
  booktitle = {Encyclopedia of Membranes}
}
@article{Alam2011,
  doi = {10.1016/j.proeng.2011.05.077},
  url = {https://doi.org/10.1016/j.proeng.2011.05.077},
  year = {2011},
  publisher = {Elsevier {BV}},
  volume = {13},
  pages = {226--231},
  author = {Firoz Alam and Tom Steiner and Harun Chowdhury and Hazim Moria and Iftekhar Khan and Fayez Aldawi and Aleksandar Subic},
  title = {A study of golf ball aerodynamic drag},
  journal = {Procedia Engineering}
}
@article{Allen2012,
  doi = {10.1016/j.proeng.2012.04.108},
  url = {https://doi.org/10.1016/j.proeng.2012.04.108},
  year = {2012},
  publisher = {Elsevier {BV}},
  volume = {34},
  pages = {634--639},
  author = {Tom Allen and Adam Bowley and Paul Wood and Erik Henrikson and Eric Morales and David James},
  title = {Effect of temperature on golf ball dynamics},
  journal = {Procedia Engineering}
}
@book{Wesson2012,
  isbn = 9780191578779
  year = {2012},
  publisher = {Oxford University Press},
  pages = {??},
  author = {John Wesson},
  title = {The Science of Golf},
}
@article{Yamagata2013,
  doi = {10.4236/jfcmv.2013.13011},
  url = {https://doi.org/10.4236/jfcmv.2013.13011},
  year = {2013},
  publisher = {Scientific Research Publishing,  Inc, },
  volume = {01},
  number = {03},
  pages = {86--93},
  author = {Takayuki Yamagata and Takuya Nagasawa and Nobuyuki Fujisawa and Takeshi Asai},
  title = {Evaluation of Flight Trajectory and Unsteady Fluid Forces on Kicked Non-Spinning Soccer Ball by Digital Image Analysis},
  journal = {Journal of Flow Control,  Measurement {\&}amp$\mathsemicolon$ Visualization}
}
@article{Bearman1976,
  doi = {10.1017/s0001925900007617},
  url = {https://doi.org/10.1017/s0001925900007617},
  year = {1976},
  month = may,
  publisher = {Cambridge University Press ({CUP})},
  volume = {27},
  number = {02},
  pages = {112--122},
  author = {P W Bearman and J K Harvey},
  title = {Golf Ball Aerodynamics},
  journal = {Aeronautical Quarterly}
}
